<record><leader>00000cas a22000007a 4500</leader><controlfield tag="001">19809162</controlfield><controlfield tag="008">890603d19721972inuwr ne      0    0eng d</controlfield><datafield ind1=" " ind2=" " tag="010"><subfield code="a">sn 89099005 </subfield></datafield><datafield ind1=" " ind2=" " tag="040"><subfield code="a">NPI</subfield><subfield code="b">eng</subfield><subfield code="c">NPI</subfield><subfield code="d">OCLCQ</subfield></datafield><datafield ind1=" " ind2=" " tag="042"><subfield code="a">msc</subfield></datafield><datafield ind1="0" ind2="4" tag="245"><subfield code="a">The Windfall herald.</subfield></datafield><datafield ind1=" " ind2=" " tag="260"><subfield code="a">[Windfall, Ind. :</subfield><subfield code="b">Midge Janner],</subfield><subfield code="c">1972.</subfield></datafield><datafield ind1=" " ind2=" " tag="300"><subfield code="a">1 v. :</subfield><subfield code="b">ill.</subfield></datafield><datafield ind1=" " ind2=" " tag="310"><subfield code="a">Weekly</subfield></datafield><datafield ind1="0" ind2=" " tag="362"><subfield code="a">Vol. 1, no. 1 (June 15, 1972)-v. 1, no. 10 (Aug. 17, 1972).</subfield></datafield><datafield ind1=" " ind2=" " tag="500"><subfield code="a">"Reaching 5,000 readers in Windfall, Center, Sharpsville, Hemlock, Tipton, Elwood, &amp; Greentown."</subfield></datafield><datafield ind1=" " ind2=" " tag="752"><subfield code="a">United States</subfield><subfield code="b">Indiana</subfield><subfield code="c">Tipton</subfield><subfield code="d">Windfall.</subfield></datafield></record>